@book{moreno2019variedades,
  author    = {Moreno-Fernández, Francisco},
  title     = {Variedades de la lengua española},
  year      = {2019},
  publisher = {Routledge}
}

@misc{nyc_immigrant_fact_sheet,
  author       = {{Mayor's Office of Immigrant Affairs}},
  title        = {Hispanic immigrant fact sheet},
  year         = {n.d.},
  howpublished = {Retrieved August 14, 2024, from \url{https://www.nyc.gov/assets/immigrants/downloads/pdf/Hispanic-Immigrant-Fact-Sheet.pdf}},
  organization = {New York City Government}
}

@misc{najit_code_of_ethics,
  author       = {{National Association of Judiciary Interpreters and Translators}},
  title        = {NAJIT code of ethics and professional responsibilities},
  year         = {2016},
  howpublished = {Retrieved August 14, 2024, from \url{https://najit.org/wp-content/uploads/2016/09/NAJITCodeofEthicsFINAL.pdf}}
}

@book{roy2000interpreting,
  author    = {Roy, Cynthia B.},
  title     = {Interpreting as a Discourse Process},
  year      = {2000},
  publisher = {Oxford University Press},
  address   = {New York}
}

@misc{us_census_bureau2023,
  author       = {{U.S. Census Bureau}},
  title        = {Manhattan Borough, New York County, New York: Race and Ethnicity},
  year         = {2023},
  howpublished = {Retrieved August 14, 2024, from \url{https://data.census.gov/profile/Manhattan_borough,_New_York_County,_New_York?g=060XX00US3606144919#race-and-ethnicity}}
}

@inproceedings{yang_tan2017,
  author    = {Yang, K. and Tan, J.},
  title     = {Two-Dimensional Study of the Interaction Between Interpreting Working Memory and Anxiety},
  booktitle = {2017 2nd International Conference on Education, Sports, Arts and Management Engineering (ICESAME 2017)},
  pages     = {700--706},
  publisher = {Atlantis Press},
  year      = {2017}
}